@ONLINE{pewpewgame,
  author = {Geyelin, Jean-François},
  title = {PewPew Developer Blog},
  month = may,
  year = {2011},
  url = {http://pewpewgame.blogspot.com/}
}
@ONLINE{iphoneappcafe,
  author = {Robert Zak},
  title = {PewPew: All The Excitement Of An 80’s Arcade Game},
  month = may,
  year = {2011},
  url = {http://iphoneappcafe.com/pewpew-all-the-excitement-of-an-80s-arcade-game/}
}
@ONLINE{androidear,
  title = {PewPew für Android erinnert mich an Geometry Wars},
  month = may,
  year = {2011},
  url = {http://www.androidear.com/news/pewpew-for-android-reminds-me-of-geometry-wars-video/?lang=de}
}
@ONLINE{jinput,
  title = {Jinput},
  month = may,
  year = {2011},
  url = {http://java.net/projects/jinput/}
}
